@misc{actuality,
	title="В.Г. Соколов Космическое мышление и его актуальность в современном мире [Электронный ресурс]",
	howpublished="Режим доступа: \url{https://icr.su/rus/onckm/publikatsi/statii/Sokolov_rudn.php} (дата обращения: 10.07.2022)"
}

@misc{macvympel,
	title="ПАО МАК <<Вымпел>> [Электронный ресурс]",
	howpublished="Режим доступа: \url{https://macvympel.ru/} (дата обращения: 10.07.2022)"
}

@misc{genfiltering,
	title="What Is Image Filtering in the Spatial Domain? [Электронный ресурс]",
	howpublished="Режим доступа: \url{https://www.mathworks.com/help/images/what-is-image-filtering-in-the-spatial-domain.html} (дата обращения: 10.07.2022)"
}

@misc{meanfilter,
	title="Mean Filter [Электронный ресурс]",
	howpublished="Режим доступа: \url{https://www.sciencedirect.com/topics/computer-science/mean-filter} (дата обращения: 10.07.2022)"
}

@misc{medianfilter,
	title="Mean Filter [Электронный ресурс]",
	howpublished="Режим доступа: \url{https://www.sciencedirect.com/topics/computer-science/median-filter} (дата обращения: 10.07.2022)"
}

@misc{bilateralfilter,
	title="Филиппов М.В., Ермилова О.С. Быстрый метод билатеральной фильтрации изображений [Электронный ресурс]",
	howpublished="Режим доступа: \url{https://cyberleninka.ru/article/n/bystryy-metod-bilateralnoy-filtratsii-izobrazheniy} (дата обращения: 10.07.2022)"
}

@misc{deconvolution,
	title="Deconvolution [Электронный ресурс]",
	howpublished="Режим доступа: \url{https://www.sciencedirect.com/topics/neuroscience/deconvolution} (дата обращения: 10.07.2022)"
}

@misc{rld,
	title="Blind deconvolution by means of the Richardson–Lucy algorithm [Электронный ресурс]",
	howpublished="Режим доступа: \url{https://opg.optica.org/josaa/abstract.cfm?uri=josaa-12-1-58} (дата обращения: 10.07.2022)"
}

@misc{wd,
	title="Image restoration by Wiener deconvolution in limited-view computed tomography [Электронный ресурс]",
	howpublished="Режим доступа: \url{https://opg.optica.org/ao/abstract.cfm?uri=ao-24-23-4013} (дата обращения: 10.07.2022)"
}

@misc{edsr,
	title="TensorFlow implementation of 'Enhanced Deep Residual Networks for Single Image Super-Resolution' [Электронный ресурс]",
	howpublished="Режим доступа: \url{https://github.com/Saafke/EDSR_Tensorflow} (дата обращения: 10.07.2022)"
}

@misc{espcn,
	title="Tensorflow implementation of ESPCN [Электронный ресурс]",
	howpublished="Режим доступа: \url{https://github.com/fannymonori/TF-ESPCN} (дата обращения: 10.07.2022)"
}


@misc{fsrcnn,
	title="Tensorflow implementation of 'Accelerating the Super-Resolution Convolutional Neural Network' [Электронный ресурс]",
	howpublished="Режим доступа: \url{https://github.com/Saafke/FSRCNN_Tensorflow} (дата обращения: 10.07.2022)"
}

@misc{lapcsrn,
	title="Tensorflow implementation of LapSRN super-resolution model [Электронный ресурс]",
	howpublished="Режим доступа: \url{https://github.com/fannymonori/TF-LapSRN} (дата обращения: 10.07.2022)"
}














